<record><leader>00000cas a22000007a 4500</leader><controlfield tag="001">17655458</controlfield><controlfield tag="008">880321d18781894ohuwr ne      0    0eng d</controlfield><datafield ind1=" " ind2=" " tag="010"><subfield code="a">sn 88078321 </subfield></datafield><datafield ind1=" " ind2=" " tag="040"><subfield code="a">ONP</subfield><subfield code="b">eng</subfield><subfield code="c">ONP</subfield><subfield code="d">OCLCQ</subfield></datafield><datafield ind1=" " ind2=" " tag="042"><subfield code="a">msc</subfield></datafield><datafield ind1="0" ind2=" " tag="130"><subfield code="a">Valley echo (East Palestine, Ohio)</subfield></datafield><datafield ind1="1" ind2="4" tag="245"><subfield code="a">The Valley echo.</subfield></datafield><datafield ind1=" " ind2=" " tag="260"><subfield code="a">East Palestine, Ohio :</subfield><subfield code="b">E.J. Roberts &amp; Co.,</subfield><subfield code="c">1878-</subfield></datafield><datafield ind1=" " ind2=" " tag="310"><subfield code="a">Weekly</subfield></datafield><datafield ind1="0" ind2=" " tag="362"><subfield code="a">Vol. 1, no. 1 (Apr. 12, 1878)-</subfield></datafield><datafield ind1="1" ind2=" " tag="362"><subfield code="a">Ceased in Feb. 1894.</subfield></datafield><datafield ind1=" " ind2=" " tag="752"><subfield code="a">United States</subfield><subfield code="b">Ohio</subfield><subfield code="c">Columbiana</subfield><subfield code="d">East Palestine.</subfield></datafield><datafield ind1="0" ind2=" " tag="775"><subfield code="t">Daily echo (East Palestine, Ohio)</subfield><subfield code="w">(DLC)sn 88078322</subfield></datafield><datafield ind1="0" ind2="7" tag="785"><subfield code="t">Republican reveille (East Palestine, Ohio)</subfield><subfield code="w">(DLC)sn 88078325</subfield></datafield><datafield ind1="0" ind2="7" tag="785"><subfield code="t">Reveille echo</subfield><subfield code="w">(DLC)sn 88078323</subfield></datafield></record>